@comment{AAA}

@article{Aike1975,
  author = {Edwin G. Aiken and Gary S. Thomas and William A. Shennum},
  title = {Memory for a Lecture: Effects of Notes, Lecture Rate, and Informational Density},
  journal = {Journal of Educational Psychology},
  volume = {67},
  number = {3},
  pages = {439--444},
  year = {1975},
  publisher = {American Psychological Association ({APA})},
  doi = {10.1037/h0076613},
  link = {https://doi.org/10.1037/h0076613},
  local = {aiken-1975-note-taking.pdf},
  note = {An early landmark study showing that taking notes improved retention.}
}

@book{Ambr2010,
  author = {Susan A. Ambrose and Michael W. Bridges and Michele DiPietro and Marsha C. Lovett and Marie K. Norman},
  title = {How Learning Works: Seven Research-Based Principles for Smart Teaching},
  year = {2010},
  publisher = {Jossey-Bass},
  isbn = {0470484101},
  link = {https://isbndb.com/book/0470484101}
}

@comment{BBB}

@article{Boha2011,
  author = {Mark Bohay and Daniel P. Blakely and Andrea K. Tamplin and Gabriel A. Radvansky},
  title = {Note Taking, Review, Memory, and Comprehension},
  journal = {American Journal of Psychology},
  volume = {124},
  number = {1},
  pages = {63},
  year = {2011},
  publisher = {University of Illinois Press},
  doi = {10.5406/amerjpsyc.124.1.0063},
  link = {https://doi.org/10.5406/amerjpsyc.124.1.0063},
  local = {bohay-2011-note-taking.pdf},
  note = {Reports that note-taking improves retention most at deeper levels of understanding.}
}

@article{Brow2018,
  doi = {10.1371/journal.pcbi.1006023},
  url = {https://doi.org/10.1371/journal.pcbi.1006023},
  year = {2018},
  month = {April},
  publisher = {Public Library of Science ({PLoS})},
  volume = {14},
  number = {4},
  author = {Neil C.C. Brown and Greg Wilson},
  title = {Ten Quick Tips for Teaching Programming},
  journal = {{PLOS} Computational Biology}
}

@comment{CCC}

@inproceedings{Cele2018,
  author = {Mehmet Celepkolu and Kristy Elizabeth Boyer},
  title = {Thematic Analysis of Students' Reflections on Pair Programming in {CS1}},
  booktitle = {2018 Technical Symposium on Computer Science Education ({SIGCSE'18})},
  year = {2018},
  publisher = {Association for Computing Machinery ({ACM})},
  doi = {10.1145/3159450.3159516},
  link = {https://doi.org/10.1145/3159450.3159516},
  local = {celepkolu-2018-pair-programming.pdf},
  note = {Reports that pair programming has the same learning gains side-by-side programming but higher student satisfaction.}
}

@article{Crou2001,
  author = {Catherine H. Crouch and Eric Mazur},
  title = {Peer Instruction: Ten Years of Experience and Results},
  journal = {American Journal of Physics},
  volume = {69},
  number = {9},
  pages = {970--977},
  year = {2001},
  month = {9},
  publisher = {American Association of Physics Teachers ({AAPT})},
  doi = {10.1119/1.1374249},
  link = {https://doi.org/10.1119/1.1374249},
  local = {crouch-2001-peer-instruction-ten-years.pdf},
  note = {Reports results from the first ten years of peer instruction in undergraduate physics classes, and describes ways in which its implementation changed during that time.}
}

@comment{DDD}

@article{Deve2018,
  author = {Gabriel A. Devenyi and Rémi Emonet and Rayna M. Harris and Kate L. Hertweck and Damien Irving and Ian Milligan and Greg Wilson},
  title = {Ten Simple Rules for Collaborative Lesson Development},
  journal = {{PLoS} Computational Biology},
  volume = {14},
  number = {3},
  month = {3},
  year = {2018},
  publisher = {Public Library of Science ({PLoS})},
  doi = {10.1371/journal.pcbi.1005963},
  note = {Describes how to develop lessons together.}
}

@comment{EEE}

@comment{FFF}

@book{Frie2016,
  author = {Marilyn Friend and Lynne Cook},
  title = {Interactions: Collaboration Skills for School Professionals},
  edition = {Eighth},
  year = {2016},
  publisher = {Pearson},
  isbn = {0134168542},
  note = {A textbook on how teachers can work with other teachers.}
}

@comment{GGG}

@comment{HHH}

@article{Hank2011,
  author = {Brian Hanks and Sue Fitzgerald and Renée McCauley and Laurie Murphy and Carol Zander},
  title = {Pair Programming in Education: a Literature Review},
  journal = {Computer Science Education},
  volume = {21},
  number = {2},
  pages = {135--173},
  year = {2011},
  month = {6},
  publisher = {Informa {UK} Limited},
  doi = {10.1080/08993408.2011.579808},
  link = {https://doi.org/10.1080/08993408.2011.579808},
  local = {hanks-2011-pair-programming.pdf},
  note = {Reports increased success rates and retention with pair programming, with some evidence that it is particularly beneficial for women, but finds that scheduling and partner compatibility can be problematic.}
}

@article{Hann2009,
  author = {Jo Erskine Hannay and Tore Dybå and Erik Arisholm and Dag I. K. Sjøberg},
  title = {The Effectiveness of Pair Programming: A Meta-analysis},
  journal = {Information and Software Technology},
  volume = {51},
  number = {7},
  pages = {1110--1122},
  year = {2009},
  month = {7},
  publisher = {Elsevier},
  doi = {10.1016/j.infsof.2009.02.001},
  link = {https://doi.org/10.1016/j.infsof.2009.02.001},
  local = {hannay-2009-pair-programming.pdf},
  note = {A comprehensive meta-analysis of research on pair programming.}
}

@book{Hust2012,
  author = {Therese Huston},
  title = {Teaching What You Don't Know},
  year = {2012},
  publisher = {Harvard University Press},
  isbn = {0674066170},
  link = {https://isbndb.com/book/0674066170}
}

@comment{III}

@comment{JJJ}

@comment{KKK}

@comment{LLL}

@book{Lang2016,
  author = {James M. Lang},
  title = {Small Teaching: Everyday Lessons from the Science of Learning},
  year = {2016},
  publisher = {Jossey-Bass},
  isbn = {9781118944493},
  link = {https://isbndb.com/book/9781118944493}
}

@book{Lemo2014,
  author = {Doug Lemov},
  title = {Teach Like a Champion 2.0: 62 Techniques that Put Students on the Path to College},
  year = {2014},
  publisher = {Jossey-Bass},
  isbn = {1118901851},
  link = {https://isbndb.com/book/1118901851},
  note = {Presents 62 classroom techniques drawn from intensive study of thousands of hours of video of good teachers in action.}
}

@comment{MMM}

@book{Majo2015,
  author = {Claire Howell Major and Michael S. Harris and Tod Zakrajsek},
  title = {Teaching for Learning: 101 Intentionally Designed Educational Activities to Put Students on the Path to Success},
  year = {2015},
  publisher = {Routledge},
  isbn = {0415699363},
  link = {https://isbndb.com/book/9780415699365}
}

@article{Maye2003,
  author = {Richard E. Mayer and Roxana Moreno},
  title = {Nine Ways to Reduce Cognitive Load in Multimedia Learning},
  journal = {Educational Psychologist},
  volume = {38},
  number = {1},
  pages = {43--52},
  year = {2003},
  month = {Mar},
  publisher = {Informa {UK} Limited},
  doi = {10.1207/s15326985ep3801\_6},
  link = {https://doi.org/10.1207/s15326985ep3801\_6}
}

@book{Maye2009,
  author = {Richard E. Mayer},
  title = {Multimedia Learning},
  edition = {Second},
  year = {2009},
  publisher = {Cambridge University Press},
  isbn = {9780521735353},
  link = {https://isbndb.com/book/9780521735353}
}

@article{McDo2006,
  author = {Charlie McDowell and Linda Werner and Heather E. Bullock and Julian Fernald},
  title = {Pair Programming Improves Student Retention, Confidence, and Program Quality},
  journal = {Communications of the {ACM}},
  volume = {49},
  number = {8},
  pages = {90--95},
  year = {2006},
  month = {8},
  publisher = {Association for Computing Machinery ({ACM})},
  doi = {10.1145/1145287.1145293},
  link = {https://doi.org/10.1145/1145287.1145293},
  local = {mcdowell-2006-pair-programming.pdf},
  note = {A summary of research showing that pair programming improves retention and confidence.}
}

@article{Mill1956,
  author = {George A. Miller},
  title = {The Magical Number Seven, Plus or Minus Two: Some Limits on Our Capacity for Processing Information},
  journal = {Psychological Review},
  volume = {63},
  number = {2},
  pages = {81--97},
  year = {1956},
  publisher = {American Psychological Association ({APA})},
  doi = {10.1037/h0043158},
  link = {https://doi.org/10.1037/h0043158}
}

@article{Muel2014,
  author = {Pam A. Mueller and Daniel M. Oppenheimer},
  title = {The Pen is Mightier than the Keyboard},
  journal = {Psychological Science},
  volume = {25},
  number = {6},
  pages = {1159--1168},
  year = {2014},
  month = {4},
  publisher = {{SAGE} Publications},
  doi = {10.1177/0956797614524581},
  link = {https://doi.org/10.1177/0956797614524581},
  local = {mueller-2014-note-taking.pdf},
  note = {Presents evidence that taking notes by hand is more effective than taking notes on a laptop.}
}

@comment{NNN}

@book{HPL2,
  author = {{National Academies of Sciences, Engineering, and Medicine}},
  title = {How People Learn II: Learners, Contexts, and Cultures},
  year = {2018},
  publisher = {National Academies Press},
  isbn = {978-0309459648},
  note = {A comprehensive survey of what we know about learning.}
}

@book{Nuth2007,
  author = {Graham Nuthall},
  title = {The Hidden Lives of Learners},
  year = {2007},
  publisher = {{NZCER} Press},
  isbn = {1877398241}
}

@comment{OOO}

@comment{PPP}

@article{Port2013,
  author = {Leo Porter and Mark Guzdial and Charlie McDowell and Beth Simon},
  title = {Success in Introductory Programming: What Works?},
  journal = {Communications of the {ACM}},
  volume = {56},
  number = {8},
  pages = {34},
  year = {2013},
  month = {8},
  publisher = {Association for Computing Machinery ({ACM})},
  doi = {10.1145/2492007.2492020},
  link = {https://doi.org/10.1145/2492007.2492020},
  local = {porter-2013-what-works.pdf},
  note = {Summarizes the evidence that peer instruction, media computation, and pair programming can significantly improve outcomes in introductory programming courses.}
}

@inproceedings{Port2016,
  author = {Leo Porter and Dennis Bouvier and Quintin Cutts and Scott Grissom and Cynthia Bailey Lee and Robert McCartney and Daniel Zingaro and Beth Simon},
  title = {A Multi-Institutional Study of Peer Instruction in Introductory Computing},
  booktitle = {2016 Technical Symposium on Computer Science Education ({SIGCSE'16})},
  year = {2016},
  publisher = {Association for Computing Machinery ({ACM})},
  doi = {10.1145/2839509.2844642},
  link = {https://doi.org/10.1145/2839509.2844642},
  local = {porter-2016-multi-institutional-peer-instruction.pdf},
  note = {Reports that students in introductory programming classes value peer instruction, and that it improves learning outcomes.}
}

@comment{QQQ}

@comment{RRR}

@book{Rice2018,
  author = {Gail Taylor Rice},
  title = {Hitting Pause: 65 Lecture Breaks to Refresh and Reinforce Learning},
  year = {2018},
  publisher = {Stylus Publishing},
  isbn = {9781620366530},
  link = {https://isbndb.com/book/9781620366530}
}

@comment{SSS}

@article{Smit2009,
  author = {Michelle K. Smith and William B. Wood and Wendy K. Adams and Carl E. Wieman and Jennifer K. Knight and N. Guild and T. T. Su},
  title = {Why Peer Discussion Improves Student Performance on In-class Concept Questions},
  journal = {Science},
  volume = {323},
  number = {5910},
  pages = {122--124},
  year = {2009},
  month = {1},
  publisher = {American Association for the Advancement of Science ({AAAS})},
  doi = {10.1126/science.1165919},
  link = {https://doi.org/10.1126/science.1165919},
  local = {smith-2009-peer-discussion-improves.pdf},
  note = {Reports that student understanding increases during discussion in peer instruction, even when none of the students in the group initially know the right answer.}
}

@comment{TTT}

@comment{UUU}

@comment{VVV}

@comment{WWW}

@book{Ward2015,
  author = {James Ward},
  title = {Adventures in Stationery: A Journey Through Your Pencil Case},
  year = {2015},
  publisher = {Profile Books},
  isbn = {1846686164},
  note = {A wonderful look at the everyday items that would be in your desk drawer if someone hadn't walked off with them.}
}

@article{Wein2018a,
  author = {Yana Weinstein and Christopher R. Madan and Megan A. Sumeracki},
  title = {Teaching the Science of Learning},
  journal = {Cognitive Research: Principles and Implications},
  volume = {3},
  number = {1},
  year = {2018},
  month = {Jan},
  publisher = {Springer Nature},
  doi = {10.1186/s41235-017-0087-y},
  link = {https://doi.org/10.1186/s41235-017-0087-y}
}

@book{Wein2018b,
  author = {Yana Weinstein and Megan Sumeracki and Oliver Caviglioli},
  title = {Understanding How We Learn: A Visual Guide},
  publisher = {Routledge},
  year = {2018},
  isbn = {978-1138561724}
}

@article{Wils2016,
  doi = {10.12688/f1000research.3-62.v2},
  url = {http://dx.doi.org/10.12688/f1000research.3-62.v2},
  year = {2016},
  month = {January},
  publisher = {F1000 Research, Ltd.},
  author = {Greg Wilson},
  title = {Software Carpentry: lessons learned},
  journal = {{F1000Research}}
}

@book{Wlod2017,
  author = {Raymond J. Wlodkowski and Margery B. Ginsberg},
  title = {Enhancing Adult Motivation to Learn: A Comprehensive Guide for Teaching All Adults},
  year = {2017},
  publisher = {Jossey-Bass},
  isbn = {1119077990},
  link = {https://isbndb.com/book/1119077990}
}

@comment{XXX}

@comment{YYY}

@comment{ZZZ}
